@book{adams1995hitchhiker,
  title={The Hitchhiker's Guide to the Galaxy},
  author={Adams, D.},
  isbn={9781417642595},
  url={http://books.google.com/books?id=W-xMPgAACAAJ},
  year={1995},
  publisher={San Val}
}

@misc{brown2020bayesian,
      title={Bayesian Robust Optimization for Imitation Learning}, 
      author={Daniel S. Brown and Scott Niekum and Marek Petrik},
      year={2020},
      eprint={2007.12315},
      archivePrefix={arXiv},
      primaryClass={cs.LG}
}
